<record><leader>00000cas a22000007a 4500</leader><controlfield tag="001">12635184</controlfield><controlfield tag="008">851004d19731973wiuwr ne      0    0eng d</controlfield><datafield ind1=" " ind2=" " tag="010"><subfield code="a">sn 85041205 </subfield></datafield><datafield ind1=" " ind2=" " tag="040"><subfield code="a">NPV</subfield><subfield code="b">eng</subfield><subfield code="c">NPV</subfield><subfield code="d">OCLCQ</subfield></datafield><datafield ind1=" " ind2=" " tag="042"><subfield code="a">msc</subfield></datafield><datafield ind1=" " ind2=" " tag="045"><subfield code="a">x7x7</subfield></datafield><datafield ind1=" " ind2=" " tag="052"><subfield code="a">4123</subfield><subfield code="b">R6</subfield></datafield><datafield ind1="0" ind2=" " tag="130"><subfield code="a">Evansville post (Evansville, Wis. : 1973)</subfield></datafield><datafield ind1="1" ind2="4" tag="245"><subfield code="a">The Evansville post.</subfield></datafield><datafield ind1=" " ind2=" " tag="260"><subfield code="a">Evansville, Wis. :</subfield><subfield code="b">J.M. Barrows,</subfield><subfield code="c">1973-1973.</subfield></datafield><datafield ind1=" " ind2=" " tag="300"><subfield code="a">v. :</subfield><subfield code="b">ill.</subfield></datafield><datafield ind1=" " ind2=" " tag="310"><subfield code="a">Weekly</subfield></datafield><datafield ind1="0" ind2=" " tag="362"><subfield code="a">Vol. 1, no. 1 (Mar. 29, 1973)-v. 1, no. 8 (May 17, 1973).</subfield></datafield><datafield ind1=" " ind2=" " tag="530"><subfield code="a">Available on microfilm from the State Historical Society of Wisconsin.</subfield></datafield><datafield ind1=" " ind2=" " tag="752"><subfield code="a">United States</subfield><subfield code="b">Wisconsin</subfield><subfield code="c">Rock</subfield><subfield code="d">Evansville.</subfield></datafield><datafield ind1="0" ind2="0" tag="785"><subfield code="t">Evansville post, inc.</subfield><subfield code="w">(DLC)sn 85041206</subfield></datafield></record>